%% Articles scientifiques 

% Background
@book{probml-advanced,
 author = "Kevin P. Murphy",
 title = "Probabilistic Machine Learning: Advanced Topics",
 publisher = "MIT Press",
 year = 2023,
 url = "probml.ai"
}
@incollection{deepgen,
  title={Deep Generative Modeling for Neural Compression},
  author={Tomczak, Jakub M},
  booktitle={Deep Generative Modeling},
  pages={173--188},
  year={2022},
  publisher={Springer}
}

% CLIP
@article{learntransf,
  author    = {Alec Radford and
               Jong Wook Kim and
               Chris Hallacy and
               Aditya Ramesh and
               Gabriel Goh and
               Sandhini Agarwal and
               Girish Sastry and
               Amanda Askell and
               Pamela Mishkin and
               Jack Clark and
               Gretchen Krueger and
               Ilya Sutskever},
  title     = {Learning Transferable Visual Models From Natural Language Supervision},
  journal   = {CoRR},
  volume    = {abs/2103.00020},
  year      = {2021},
  url       = {https://arxiv.org/abs/2103.00020},
  eprinttype = {arXiv},
  eprint    = {2103.00020},
  timestamp = {Thu, 04 Mar 2021 17:00:40 +0100},
  biburl    = {https://dblp.org/rec/journals/corr/abs-2103-00020.bib},
  bibsource = {dblp computer science bibliography, https://dblp.org}
}

% DALL-E
@article{zeroshot,
  author    = {Aditya Ramesh and
               Mikhail Pavlov and
               Gabriel Goh and
               Scott Gray and
               Chelsea Voss and
               Alec Radford and
               Mark Chen and
               Ilya Sutskever},
  title     = {Zero-Shot Text-to-Image Generation},
  journal   = {CoRR},
  volume    = {abs/2102.12092},
  year      = {2021},
  url       = {https://arxiv.org/abs/2102.12092},
  eprinttype = {arXiv},
  eprint    = {2102.12092},
  timestamp = {Tue, 02 Mar 2021 12:11:01 +0100},
  biburl    = {https://dblp.org/rec/journals/corr/abs-2102-12092.bib},
  bibsource = {dblp computer science bibliography, https://dblp.org}
}

@article{neural-discrete,
  author    = {A{\"{a}}ron van den Oord and
               Oriol Vinyals and
               Koray Kavukcuoglu},
  title     = {Neural Discrete Representation Learning},
  journal   = {CoRR},
  volume    = {abs/1711.00937},
  year      = {2017},
  url       = {http://arxiv.org/abs/1711.00937},
  eprinttype = {arXiv},
  eprint    = {1711.00937},
  timestamp = {Mon, 13 Aug 2018 16:48:11 +0200},
  biburl    = {https://dblp.org/rec/journals/corr/abs-1711-00937.bib},
  bibsource = {dblp computer science bibliography, https://dblp.org}
}

@article{high-fi-with-vqvae2,
  author    = {Ali Razavi and
               A{\"{a}}ron van den Oord and
               Oriol Vinyals},
  title     = {Generating Diverse High-Fidelity Images with {VQ-VAE-2}},
  journal   = {CoRR},
  volume    = {abs/1906.00446},
  year      = {2019},
  url       = {http://arxiv.org/abs/1906.00446},
  eprinttype = {arXiv},
  eprint    = {1906.00446},
  timestamp = {Thu, 13 Jun 2019 13:36:00 +0200},
  biburl    = {https://dblp.org/rec/journals/corr/abs-1906-00446.bib},
  bibsource = {dblp computer science bibliography, https://dblp.org}
}

@article{subword-units,
  author    = {Rico Sennrich and
               Barry Haddow and
               Alexandra Birch},
  title     = {Neural Machine Translation of Rare Words with Subword Units},
  journal   = {CoRR},
  volume    = {abs/1508.07909},
  year      = {2015},
  url       = {http://arxiv.org/abs/1508.07909},
  eprinttype = {arXiv},
  eprint    = {1508.07909},
  timestamp = {Mon, 13 Aug 2018 16:47:17 +0200},
  biburl    = {https://dblp.org/rec/journals/corr/SennrichHB15.bib},
  bibsource = {dblp computer science bibliography, https://dblp.org}
}

% VQGAN
@article{tamingtransfo,
  author    = {Patrick Esser and
               Robin Rombach and
               Bj{\"{o}}rn Ommer},
  title     = {Taming Transformers for High-Resolution Image Synthesis},
  journal   = {CoRR},
  volume    = {abs/2012.09841},
  year      = {2020},
  url       = {https://arxiv.org/abs/2012.09841},
  eprinttype = {arXiv},
  eprint    = {2012.09841},
  timestamp = {Sun, 03 Jan 2021 18:46:06 +0100},
  biburl    = {https://dblp.org/rec/journals/corr/abs-2012-09841.bib},
  bibsource = {dblp computer science bibliography, https://dblp.org}
}

% Attention

@article{attneed,
  author    = {Ashish Vaswani and
               Noam Shazeer and
               Niki Parmar and
               Jakob Uszkoreit and
               Llion Jones and
               Aidan N. Gomez and
               Lukasz Kaiser and
               Illia Polosukhin},
  title     = {Attention Is All You Need},
  journal   = {CoRR},
  volume    = {abs/1706.03762},
  year      = {2017},
  url       = {http://arxiv.org/abs/1706.03762},
  eprinttype = {arXiv},
  eprint    = {1706.03762},
  timestamp = {Sat, 23 Jan 2021 01:20:40 +0100},
  biburl    = {https://dblp.org/rec/journals/corr/VaswaniSPUJGKP17.bib},
  bibsource = {dblp computer science bibliography, https://dblp.org}
}

%%%%%%%%%%%%%%%%%%%%%%%%%%%%%%%%%%%%%%%%%%%%%%%%%%%%%%%%%%%%%%%%%%%%%%%%%
%% Blogposts

Il faudra décider de l'URL date

% CLIP
@online{openaiclip,
  author = {Openai},
  title = {CLIP: Connecting Text and Images},
  year = 2021,
  url = {https://openai.com/blog/clip/},
  %urldate = ,
}

% DALL-E

@online{openaidalle,
  author = {Openai},
  title = {DALL-E: Creating Images from Text},
  year = 2021,
  url = {https://openai.com/blog/dall-e/},
  %urldate = ,
}

@online{sogood,
  author = {Charlie Snell},
  title = {How is it so good ? (DALL-E Explained Pt. 2)},
  year = 2021,
  url = {https://ml.berkeley.edu/blog/posts/dalle2/},
  %urldate = ,
}

@article{bperef,
  author    = {Rico Sennrich and
               Barry Haddow and
               Alexandra Birch},
  title     = {Neural Machine Translation of Rare Words with Subword Units},
  journal   = {CoRR},
  volume    = {abs/1508.07909},
  year      = {2015},
  url       = {http://arxiv.org/abs/1508.07909},
  eprinttype = {arXiv},
  eprint    = {1508.07909},
  timestamp = {Mon, 13 Aug 2018 16:47:17 +0200},
  biburl    = {https://dblp.org/rec/journals/corr/SennrichHB15.bib},
  bibsource = {dblp computer science bibliography, https://dblp.org}
}

% DALL-E mini
@online{wandbdallemini,
  author = {Boris Dayma and
            Suraj Patil and 
            Pedro Cuenca and 
            Khalid Saifullah and 
            Tanishq Abraham and 
            Phúc Lê and
            Luke and 
            Ritobrata Ghosh},
  title = {OpenAI's DALL-E Mini Explained with Demo},
  %year = 2021, % Je ne suis pas certain de l'année
  url = {https://wandb.ai/dalle-mini/dalle-mini/reports/OpenAI-s-DALL-E-Mini-Explained-with-Demo--Vmlldzo4NjIxODA},
  %urldate = ,
}

% DALL-E pytorch
@online{dallepytorch,
  author = {lucidrains},
  title = {DALL-E Pytorch: Implementation / replication of DALL-E Open  AI's Text to Image Transformer, in Pytorch},
  %year = 2021, % Je ne suis pas certain de l'année
  url = {https://github.com/lucidrains/DALLE-pytorch},
  %urldate = ,
}


% VAE

@online{unVAE,
  author = {Joseph Rocca},
  title = {Understanding Variational Autoencoders (VAEs)},
  year = 2019,
  url = {https://towardsdatascience.com/understanding-variational-autoencoders-vaes-f70510919f73},
  %urldate = ,
}

% VQ-VAE

@online{unvqvae,
  author = {Charlie Snell},
  title = {Understanding VQ-VAE (DALL-E Explained Pt. 1)},
  year = 2021,
  url = {https://ml.berkeley.edu/blog/posts/vq-vae/},
  %urldate = ,
}

% Bases neural networks et machine learning 

@online{firstnn,
  author = {Arthur Arnx},
  title = {First neural network for beginners explained (with code)},
  year = 2019,
  url = {https://towardsdatascience.com/first-neural-network-for-beginners-explained-with-code-4cfd37e06eaf},
  %urldate = ,
}

% RNN

@online{effrnn,
  author = {Andrej Karpathy},
  title = {The Unreasonable Effectiveness of Recurrent Neural Networks},
  year = 2015,
  url = {http://karpathy.github.io/2015/05/21/rnn-effectiveness/},
  %urldate = ,
}

@online{rnnbeginner,
  author = {Gabriel Loye},
  title = {A Beginner’s Guide on Recurrent Neural Networks with PyTorch},
  year = 2019,
  url = {https://blog.floydhub.com/a-beginners-guide-on-recurrent-neural-networks-with-pytorch/},
  %urldate = ,
}

% LSTM

@online{unLSTM,
  author = {Colah},
  title = {Understanding LSTM Networks},
  year = 2015,
  url = {http://colah.github.io/posts/2015-08-Understanding-LSTMs/},
  %urldate = ,
}

@online{translsationseq,
  author = {Harshall Lamba},
  title = {Word Level English to Marathi Neural Machine Translation using Encoder-Decoder Model},
  year = 2019,
  url = {https://towardsdatascience.com/word-level-english-to-marathi-neural-machine-translation-using-seq2seq-encoder-decoder-lstm-model-1a913f2dc4a7},
  %urldate = ,
}

% Attention mechanism

@online{attmechanism,
  author = {Gabriel Loye},
  title = {Attention Mechanism},
  year = 2019,
  url = {https://blog.floydhub.com/attention-mechanism/},
  %urldate = ,
}

% Transformer

@online{illustransfo,
  author = {Jay Alammar},
  title = {The Illustrated Transformer},
  year = 2018,
  url = {http://jalammar.github.io/illustrated-transformer/},
  %urldate = ,
}

% Generation

@online{howtogen,
  author = {Patrick Von Platen},
  title = {How to generate text: using different decoding methods for language generation with Transformers},
  year = 2020,
  url = {https://huggingface.co/blog/how-to-generate},
  %urldate = ,
}
%%%%%%%%%%%%%%%%%%%%%%%%%%%%%%%%%%%%%%%%%%%%%%%%%%%%%%%%%%%%%

%% Jeux de données

@online{mscoco,
    title = {Common Objects in Context},
    %author = Microsoft, % Si c'est correct ? 
    url = {https://cocodataset.org},
    %urldate = 
}

% Rajouter le lien pour flickr:
%https://cs.stanford.edu/people/karpathy/deepimagesent/
% Mais comme ca mène à un article, je ne sais pas si on cite le papier ou le site
@article{young-etal-2014-image,
    title = "From image descriptions to visual denotations: New similarity metrics for semantic inference over event descriptions",
    author = "Young, Peter  and
      Lai, Alice  and
      Hodosh, Micah  and
      Hockenmaier, Julia",
    journal = "Transactions of the Association for Computational Linguistics",
    volume = "2",
    year = "2014",
    address = "Cambridge, MA",
    publisher = "MIT Press",
    url = "https://aclanthology.org/Q14-1006",
    doi = "10.1162/tacl_a_00166",
    pages = "67--78",
    abstract = "We propose to use the visual denotations of linguistic expressions (i.e. the set of images they describe) to define novel denotational similarity metrics, which we show to be at least as beneficial as distributional similarities for two tasks that require semantic inference. To compute these denotational similarities, we construct a denotation graph, i.e. a subsumption hierarchy over constituents and their denotations, based on a large corpus of 30K images and 150K descriptive captions.",
}

%%%%%%%%%%%%%%%%%%%%%%%%%%%%%%%%%%%%%%%%%%%%%%%%%%%%%%%%%%%%

%% Vidéos youtube

@online{nn3blue,
    author = {3Blue1Brown}, 
    title = {Neural Networks},
    year = 2018,
    url = {https://www.youtube.com/playlist?list=PLZHQObOWTQDNU6R1_67000Dx_ZCJB-3pi},
    %urldate = 
}

@online{yttransfatt,
    author = {Shusen Wang}, 
    title = {Transformer Model (1/2): Attention Layers},
    year = 2021,
    url = {https://www.youtube.com/watch?v=FC8PziPmxnQ},
    %urldate = 
}


